@article{kajcoalescent,
  title={Coalescent theory for seed bank models},
  author={Kaj, Ingemar and Krone, Stephen M and Lascoux, Martin},
  journal={Journal of Applied Probability},
  volume={38},
  number={2},
  pages={285--300},
  year={2001},
  publisher={Cambridge University Press}
}
@article{blath,
  title={Stochastische Modelle der Populationsgenetik},
  author={Jochen Blath},
  year={2024},
}
